@phdthesis{gimenez_2016,
	title={Implementación y análisis de
		algoritmos de alineación para datos de next generation sequencing (NGS)},
	school={Universidad Autónoma de Madrid (UAM)},
	author={Giménez, Daniel},
	year={2016}}

@book{li_durbin_2009,
	title={Fast and accurate short read alignment with Burrows-Wheeler transform.},
	url={https://doi.org/10.1093/bioinformatics/btp324},
	author={Li, Heng and Durbin, Richard},
	year={2009}
}

@book{ gomez_2020,
	title={Bioinformatics Burrows-Wheeler Alignment (BWA)},
	url={https://poliformat.upv.es/access/content/group/GRA_13024_2019/JuanMGarcia-Gomez/Semana%204/BWA.pdf},
	publisher={Apuntes de la asignatura de Bioinformática, Grado en Ingeniería Biomédica, UPV},
	author={García Gómez, Juan Miguel},
	year={2020}
}

@book{ belda_2020,
	title={InexRecur},
	url={https://poliformat.upv.es/access/content/group/GRA_13024_2019/JuanMGarcia-Gomez/Semana%204/INEXRECUR.pdf},
	publisher={Apuntes de la asignatura de Bioinformática, Grado en Ingeniería Biomédica, UPV},
	author={García Pardo, José Gabriel and Torregrosa Lloret, Alfredo and De la Torre Costa, Javier and Pascual Belda, Aitana},
	year={2020}
}

@misc{ resource_2020, title={resource - Resource usage information}, url={https://docs.python.org/3/library/resource.html}, journal={resource - Resource usage information - Python 3.8.3rc1 documentation}}

@misc{ time_2020,
         title={time - Time access and conversions},
         url={https://docs.python.org/3/library/time.html?highlight=time#module-time},
         journal={time - Time access and conversions - Python 3.8.3rc1 documentation}
}

@misc{ system.time_documentation,
         title={system.time},
         url={https://www.rdocumentation.org/packages/base/versions/3.6.2/topics/system.time},
         journal={function system.time | R Documentation}
}

@misc{ bengtsson,
	title={Simple Memory Profiling for R [R package profmem version 0.5.0]},
	url={https://cran.r-project.org/web/packages/profmem/index.html},
	journal={The Comprehensive R Archive Network},
	publisher={Comprehensive R Archive Network (CRAN)},
	author={Bengtsson, Henrik}
}

@misc{ timeh,
	author = {},
	title = {time.h},
	howpublished = {\url{https://pubs.opengroup.org/onlinepubs/007908799/xsh/time.h.html}},
	month = {},
	year = {},
	note = {(Accessed on 05/02/2020)}
}

@misc{ Valgrind10,
	author = {},
	title = {Valgrind Home},
	howpublished = {\url{https://valgrind.org/}},
	month = {},
	year = {},
	note = {(Accessed on 05/02/2020)}
}

@misc{GitHubGa29,
	author = {},
	title = {GitHub - Gabriel439/bench: Command-line benchmark tool},
	howpublished = {\url{https://github.com/Gabriel439/bench}},
	month = {},
	year = {},
	note = {(Accessed on 05/02/2020)}
}

@book{fangohr_2004,
	title={A Comparison of C, MATLAB, and Python as Teaching Languages in Engineering},
	url={https://link.springer.com/content/pdf/10.1007%2F978-3-540-25944-2_157.pdf},
	author={Fangohr, Hans},
	year={2004}
}

@book{bellosta_2018,
	title={R para profesionales de los datos: una introducción},
	url={https://www.datanalytics.com/libro_r/programacion-en-r.html},
	author={Gil Bellosta, Carlos J.},
	year={2018}
}

@book{kleiber_zeileis_2008,
	edition={1},
	title={Applied Econometrics with R},
	publisher={Springer Science+Business Media},
	author={Kleiber, Christian and Zeileis, Achim},
	year={2008},
	pages={15}
}

@book{amigo_2015,
	title={BigBWA: approaching the Burrows–Wheeler aligner to Big Data technologies},
	url={https://doi.org/10.1093/bioinformatics/btv506},
	publisher={International Society for Computational Biology},
	author={Abuín, José M. and Pichel, Juan C. and Pena, Tomás F. and Amigo, Jorge},
	year={2015}
}


@misc{ garrigues_2019,
	title={NGS: Secuenciación de Segunda Generación},
	url={https://genotipia.com/ngs-secuenciacion/},
	journal={Genotipia},
	author={Garrigues, Fran},
	year={2019},
	month={Nov}
}
